@MISC{symantec:symantec,
  TITLE        = "Symantec's Just-In-Time Java Compiler To Be Integrated Into Sun JDK 1.1",
  YEAR         = "1997",
  HOWPUBLISHED = "Website",
  NOTE         = "Online erh채ltlich unter
                  \url{http://www.symantec.com/about/news/release/article.jsp?prid=19970407_03};
                  abgerufen am 10. August 2014, 19:22 Uhr."
}

@MISC{goetz:IBM,
  AUTHOR       = "Brian Goetz",
  TITLE        = "Java theory and practice: Stick a fork in it, Part 2",
  YEAR         = "2008",
  HOWPUBLISHED = "Website",
  NOTE         = "Online erh채ltlich unter
                  \url{http://www.ibm.com/developerworks/java/library/j-jtp03048/index.html};
                  abgerufen am 11. August 2014, 19:21 Uhr."
}

@MISC{humble:infoq,
  AUTHOR       = "Charles Humble",
  TITLE        = "JavaOne: Garbage First",
  YEAR         = "2008",
  HOWPUBLISHED = "Website",
  NOTE         = "Online erh채ltlich unter
                  \url{http://www.infoq.com/news/2008/05/g1};
                  abgerufen am 10. August 2014, 20:31 Uhr."
}

@MISC{gallardo:oracle,
  AUTHOR       = "Raymond Gallardo",
  TITLE        = "Learn More About Performance Improvements in JDK 8 ",
  YEAR         = "2014",
  HOWPUBLISHED = "Website",
  NOTE         = "Online erh채ltlich unter
                  \url{https://blogs.oracle.com/thejavatutorials/entry/learn_more_about_performance_and};
                  abgerufen am 12. August 2014, 20:42 Uhr."
}